@book{petit2020focus,
  title={A Focus on Ratios and Proportions: Bringing Mathematics Education Research to the Classroom},
  author={Petit, Marjorie M y Laird, Robert E y Wyneken, Matthew F y Huntoon, Frances R and Abele-Austin, Mary D y Sequeira, Jean D},
  year={2020},
  publisher={Routledge}
}

@book{lorenzo2007estadistica,
  title={Estad{\'\i}stica descriptiva},
  author={Lorenzo, Montero y Mar{\'\i}a, Jose},
  year={2007},
  publisher={Editorial Paraninfo}
}

@article{huircan2013guia,
  title={Gu{\'\i}a de Aprendizaje N° 2: Razones y proporciones. Educaci{\'o}n Matem{\'a}tica Primer Nivel o Ciclo Educaci{\'o}n Media. Educaci{\'o}n para Personas J{\'o}venes y Adultas.},
  author={Huirc{\'a}n Cabrera, Mauricio y Carmona Vald{\'e}s, Katherina},
  year={2013}
}



@book{colimon1990fundamentos,
  title={Fundamentos de epidemiolog{\'\i}a},
  author={Colimon, Kahl-Martin},
  year={1990},
  publisher={Ediciones D{\'\i}az de Santos}
}

@article{elandt1997definicion,
  title={La definici{\'o}n de tasas: Algunas precisiones acerca de su correcta e incorrecta utilizaci{\'o}n},
  author={Elandt-Johnson, Regina C},
  journal={salud p{\'u}blica de m{\'e}xico},
  volume={39},
  pages={474--479},
  year={1997},
  publisher={SciELO Public Health}
}

@article{moreno2000principales,
  title={Principales medidas en epidemiolog{\'\i}a},
  author={Moreno-Altamirano, Alejandra y L{\'o}pez-Moreno, Sergio y Corcho-Berdugo, Alex{\'a}nder},
  journal={Salud p{\'u}blica de M{\'e}xico},
  volume={42},
  pages={337--348},
  year={2000},
  publisher={SciELO Public Health}
}

@book{perez2010nociones,
  title={Nociones b{\'a}sicas de estad{\'\i}stica},
  author={Pérez, Rigoberto},
  year={2010},
  publisher={Rigoberto Perez}
}

@article{lora2008tecnicas,
  title={T{\'e}cnicas de medici{\'o}n econ{\'o}mica},
  author={Lora, Eduardo},
  journal={Metodolog{\'\i}a y aplicaciones en Colombia},
  volume={4},
  year={2008}
}

@webpage{BibEntry244021Mar,
         url = {http://estadisticas.unal.edu.co/menu-principal/cifras-generales         /cifras-generales},
         author = ,
         title = {Cifras generales},
         year = 2021,
         lastchecked = {3 Marzo 2021},
         note = {Online; accessed 3. Mar. 2021}
}

@book{beckmann2017mathematics,
  title={Mathematics for elementary teachers with activities},
  author={Beckmann, Sybilla},
  year={2017},
  publisher={Pearson}
}

@misc{BibEntry2019Jun,
	title = {{Tasa Representativa del Mercado TRM - Peso por d{\ifmmode\else\'{o}\fi}lar}},
	journal = {Banco de la Rep{\'\u}blica (banco central de Colombia)},
	year = {2019},
	month = {Junio},
	note = {[Online; accessed 3. Mar. 2021]},
	url = {https://www.banrep.gov.co/es/estadisticas/trm}
}

@article{de2009producto,
  title={Producto Interno Bruto},
  author={de Prensa, DANE Bolet{\'\i}n},
  journal={Primer trimestre de},
  year={2009}
}

@book{franco2016estadistica,
  title={Estad{\'\i}stica para administraci{\'o}n},
  author={Franco, Jes{\'u}s Rodr{\'\i}guez y Rodr{\'\i}guez, Alberto Isaac Pierdant y Jim{\'e}nez, Elva Cristina Rodr{\'\i}guez},
  year={2016},
  publisher={Grupo Editorial Patria}
}
@article{moreno2000principales,
  title={Principales medidas en epidemiolog{\'\i}a},
  author={Moreno-Altamirano, Alejandra y L{\'o}pez-Moreno, Sergio y Corcho-Berdugo, Alex{\'a}nder},
  journal={Salud p{\'u}blica de M{\'e}xico},
  volume={42},
  pages={337--348},
  year={2000},
  publisher={SciELO Public Health}
}
@misc{ContributorstoWikimediaprojects2020Nov,
	author = {{Wikimedia}},
	title = {{Index (statistics)}},
	year = {2020},
	month = {Noviembre},
	note = {[Online; accessed 4. Mar. 2021]},
	url = {https://en.wikipedia.org/w/index.php?title=Index_(statistics)&oldid=989351965}
}
@misc{BibEntry2021Marzo,
	title = {{El kilo, el medio kilo y el cuarto de kilo}},
	year = {2021},
	month = {Marzo},
	note = {[Online; accessed 6. Mar. 2021]},
	url = {http://rincondeunamaestra.blogspot.com/2014/02/el-kilo-el-medio-kilo-y-el-cuarto-de.html}
}
@misc{BibEntry2019Mar,
	title = {{Un kilo de arroz}},
	journal = {Sobre todo, Matem{\'\a}ticas},
	year = {2019},
	month = {Marzo},
	note = {[Online; accessed 6. Mar. 2021]},
	url = {https://matemelga.wordpress.com/2019/05/08/un-kilo-de-arroz}
}
@book{fernandez2004introduccion,
  title={Introducci{\'o}n a la Estad{\'\i}stica Empresarial},
  author={Fern{\'a}ndez, Jes{\'u}s S{\'a}nchez},
  year={2004},
  publisher={Juan Carlos Mart{\'\i}nez Coll}
}
@book{arroyo2006manual,
  title={Manual de estad{\'\i}stica},
  author={Arroyo, Emil Hern{\'a}ndez},
  year={2006},
  publisher={Universidad Cooperativa de Colombia}
}
@article{foa2015indices,
  title={Indices of Social Development},
  author={Foa, Roberto y De Haan, Arjan y Van Staveren, Irene y Webbink, Ellen y Hardenbol, Herman},
  journal={Handbook. ISS The Hague. Retrieved on},
  volume={24},
  year={2015}
}
@misc{BibEntry2012Oct,
	title = {{N{\ifmmode\acute{u}\else\'{u}\fi}meros {\ifmmode\acute{\imath}\else\'{\i}\fi}ndices}},
	year = {2012},
	month = {Octubre},
	note = {[Online; accessed 6. Mar. 2021]},
	url = {https://www.uv.es/ceaces/numindices/numeros.htm}
}
@misc{BibEntry2021Maria,
	title = {{Secci{\'o}n Contenido - Universidad Nacional de Colombia}},
	year = {2021},
	month = {Marzo},
	note = {[Online; accessed 6. Mar. 2021]},
	url = {http://www.legal.unal.edu.co/rlunal/home/doc.jsp?d_i=34298}
}
@misc{BibEntry2020Dec,
	title = {{Acerca de la OCDE - OECD}},
	year = {2020},
	month = {Diciembre},
	note = {[Online; accessed 6. Mar. 2021]},
	url = {http://www.oecd.org/acerca}
}
@misc{BibEntry2015Jun,
	title = {{Centro Com{\'u}n de Investigaci{\'o}n}},
	journal = {Comisi{\ifmmode\acute{o}\else\'{o}\fi}n Europea - European Commission},
	year = {2015},
	month = {Junio},
	note = {[Online; accessed 6. Mar. 2021]},
	url = {https://ec.europa.eu/info/departments/joint-research-centre_es}
}
@book{babbie2020practice,
  title={The practice of social research},
  author={Babbie, Earl R},
  year={2020},
  publisher={Cengage learning}
}
@misc{BibEntry2021Mayo,
	title = {{Icfes Instituto Colombiano para la Evaluaci{\'o}n de la Educaci{\'o}}n - Portal Icfes}},
	year = {2021},
	month = {Marzo},
	note = {[Online; accessed 6. Mar. 2021]},
	url = {https://www.icfes.gov.co}
}
@article{alkire2011counting,
  title={Counting and multidimensional poverty measurement},
  author={Alkire, Sabina and Foster, James},
  journal={Journal of public economics},
  volume={95},
  number={7-8},
  pages={476--487},
  year={2011},
  publisher={Elsevier}
}
@misc{DeCastroRamos2021Sep,
	author = {DANE},
	title = {{Empleo y desempleo}},
	year = {2021},
	month = {Sep},
	note = {[Online; accessed 30. Sep. 2021]},
	url = {https://www.dane.gov.co/index.php/estadisticas-por-tema/mercado-laboral/empleo-y-desempleo}
}
@misc{DeCastroRamos2021Sep2,
	author = {DANE},
	title = {{{\ifmmode\acute{I}\else\'{I}\fi}ndice de Precios al Consumidor (IPC)}},
	year = {2021},
	month = {Sep},
	note = {[Online; accessed 30. Sep. 2021]},
	url = {https://www.dane.gov.co/index.php/estadisticas-por-tema/precios-y-costos/indice-de-precios-al-consumidor-ipc}
}
@misc{paginadane,
	author = {DANE},
	title = {{Pobreza multidimensional}},
	year = {2021},
	month = {Sep},
	note = {[Online; accessed 30. Sep. 2021]},
	url = {https://www.dane.gov.co/index.php/estadisticas-por-tema/pobreza-y-condiciones-de-vida/pobreza-multidimensional}
}
@incollection{sen1981issues,
  title={Issues in the Measurement of Poverty},
  author={Sen, Amartya},
  booktitle={Measurement in Public Choice},
  pages={144--166},
  year={1981},
  publisher={Springer}
}
@article{botello2017avances,
  title={Avances del redise{\~n}o del {\'\i}ndice de pobreza multidimensional de Colombia},
  author={Botello, Silvia},
  journal={Indicadores no monetarios de pobreza: avances y desaf{\'\i}os para su medici{\'o}n. Santiago: CEPAL, 2017. LC/TS. 2017/149. p. 117-124},
  year={2017}
}
@misc{Pgn2021Sep,
	author = {Procuraduria General},
	title = {{ Índice de Transparencia y Acceso a la Información Pública I.T.A. }},
	journal = {Procuraduria General de Colombia},
	year = {2021},
	month = {Sep},
	note = {[Online; accessed 30. Sep. 2021]},
	url = {https://www.procuraduria.gov.co/portal/IndiceITAGTICP.page}
}
@misc{BibEntry2020Jul,
	title = {{Banco de la Rep{\'{u}\fi}blica }},
	journal = {Banco de la Rep{\ifmmode\acute{u}\else\'{u}\fi}blica (banco central de Colombia)},
	year = {2020},
	month = {Jul},
	note = {[Online; accessed 30. Sep. 2021]},
	url = {https://www.banrep.gov.co/es/glosario/producto-interno-bruto-pib}
}