@Book{xie2015,
  title = {Dynamic Documents with {R} and knitr},
  author = {Yihui Xie},
  publisher = {Chapman and Hall/CRC},
  address = {Boca Raton, Florida},
  year = {2015},
  edition = {2nd},
  note = {ISBN 978-1498716963},
  url = {http://yihui.org/knitr/},
}

@Article{lora2008tecnicas,
  title={T{\'e}cnicas de medici{\'o}n econ{\'o}mica},
  author={Lora, Eduardo},
  journal={Metodolog{\'\i}a y aplicaciones en Colombia},
  volume={4},
  year={2008}
}

@ARTICLE{altman.king2007pss,
  author = {Micah Altman and Gary King},
  title = {A Proposed Standard for the Scholarly Citation of Quantitative Data},
  journal = {D-Lib Magazine},
  volume = {13},
  number = {3/4},
  date = {2007},
  issn = {1082-9873},
  doi = {10.1045/march2007-altman},
  timestamp = {2011-05-11}
}